% This file was created with JabRef 2.10.
% Encoding: GBK


@Article{Deutsch2010a,
  Title                    = {Quantum control and measurement of atomic spins in polarization spectroscopy },
  Author                   = {Ivan H. Deutsch and Poul S. Jessen},
  Journal                  = {Optics Communications },
  Year                     = {2010},
  Note                     = {Quo vadis Quantum Optics? },
  Number                   = {5},
  Pages                    = {681 - 694},
  Volume                   = {283},

  Doi                      = {http://dx.doi.org/10.1016/j.optcom.2009.10.059},
  File                     = {Deutsch2010a.pdf:Deutsch2010a.pdf:PDF},
  ISSN                     = {0030-4018},
  Owner                    = {qxd},
  Timestamp                = {2014.03.08},
  Url                      = {http://www.sciencedirect.com/science/article/pii/S0030401809010517}
}

@Article{Glauber1991,
  Title                    = {Quantum optics of dielectric media},
  Author                   = {Glauber, Roy J. and Lewenstein, M.},
  Journal                  = {Phys. Rev. A},
  Year                     = {1991},

  Month                    = {Jan},
  Pages                    = {467--491},
  Volume                   = {43},

  Doi                      = {10.1103/PhysRevA.43.467},
  File                     = {Glauber1991.pdf:Glauber1991.pdf:PDF},
  Issue                    = {1},
  Numpages                 = {0},
  Owner                    = {qxd},
  Publisher                = {American Physical Society},
  Timestamp                = {2014.05.31},
  Url                      = {http://link.aps.org/doi/10.1103/PhysRevA.43.467}
}

@Article{Klimov2004,
  Title                    = {Spontaneous emission rate of an excited atom placed near a nanofiber},
  Author                   = {Klimov, Vasily V and Ducloy, Martial},
  Journal                  = {Physical Review A},
  Year                     = {2004},
  Number                   = {1},
  Pages                    = {013812},
  Volume                   = {69},

  File                     = {Klimov2004.pdf:Klimov2004.pdf:PDF},
  Owner                    = {qxd},
  Timestamp                = {2013.10.28}
}

@Article{Lacroute2012,
  Title                    = {A state-insensitive, compensated nanofiber trap},
  Author                   = {Lacro{\^u}te, Clement and Choi, KS and Goban, A and Alton, DJ and Ding, D and Stern, NP and Kimble, HJ},
  Journal                  = {New Journal of Physics},
  Year                     = {2012},
  Number                   = {2},
  Pages                    = {023056},
  Volume                   = {14},

  File                     = {Lacroute2012.pdf:Lacroute2012.pdf:PDF},
  Owner                    = {qxd},
  Publisher                = {IOP Publishing},
  Timestamp                = {2013.03.19}
}

@Article{LeKien2005,
  Title                    = {Nanofiber-mediated radiative transfer between two distant atoms},
  Author                   = {Le Kien, Fam and Gupta, S. Dutta and Nayak, K. P. and Hakuta, K.},
  Journal                  = {Phys. Rev. A},
  Year                     = {2005},

  Month                    = {Dec},
  Pages                    = {063815},
  Volume                   = {72},

  Doi                      = {10.1103/PhysRevA.72.063815},
  File                     = {LeKien2005.pdf:LeKien2005.pdf:PDF},
  Issue                    = {6},
  Numpages                 = {11},
  Owner                    = {qxd},
  Publisher                = {American Physical Society},
  Timestamp                = {2013.05.16},
  Url                      = {http://link.aps.org/doi/10.1103/PhysRevA.72.063815}
}

@Article{Maslov2006,
  Title                    = {Distribution of optical emission between guided modes and free space in a semiconductor nanowire},
  Author                   = {Maslov, A. V. and Bakunov, M. I. and Ning, C. Z.},
  Journal                  = {Journal of Applied Physics},
  Year                     = {2006},
  Number                   = {2},
  Pages                    = {-},
  Volume                   = {99},

  Doi                      = {http://dx.doi.org/10.1063/1.2164538},
  Eid                      = {024314},
  File                     = {Maslov2006.pdf:Maslov2006.pdf:PDF},
  Owner                    = {qxd},
  Timestamp                = {2014.11.17},
  Url                      = {http://scitation.aip.org/content/aip/journal/jap/99/2/10.1063/1.2164538}
}

@Article{Nha1997,
  Title                    = {Cavity quantum electrodynamics for a cylinder: inside a hollow dielectric and near a solid dielectric cylinder},
  Author                   = {Nha, H and Jhe, W},
  Journal                  = {Physical Review A},
  Year                     = {1997},
  Number                   = {3},
  Pages                    = {2213},
  Volume                   = {56},

  File                     = {Nha1997.pdf:Nha1997.pdf:PDF},
  Owner                    = {qxd},
  Publisher                = {APS},
  Timestamp                = {2014.01.23}
}

@Article{Sondergaard2001a,
  Title                    = {General theory for spontaneous emission in active dielectric microstructures: Example of a fiber amplifier, Green function, Green's function},
  Author                   = {S{\o}ndergaard, Thomas and Tromborg, Bjarne},
  Journal                  = {Physical Review A},
  Year                     = {2001},
  Number                   = {3},
  Pages                    = {033812},
  Volume                   = {64},

  File                     = {Sondergaard2001a.pdf:Sondergaard2001a.pdf:PDF},
  Owner                    = {qxd},
  Publisher                = {APS},
  Timestamp                = {2015.01.05}
}

@Article{Smith2003a,
  Title                    = {Faraday spectroscopy in an optical lattice: a continuous probe of atom dynamics},
  Author                   = {Smith, Greg A and Chaudhury, Souma and Jessen, Poul S},
  Journal                  = {Journal of Optics B: Quantum and Semiclassical Optics},
  Year                     = {2003},
  Number                   = {4},
  Pages                    = {323},
  Volume                   = {5},

  File                     = {Smith2003a.pdf:Smith2003a.pdf:PDF},
  Owner                    = {qxd},
  Publisher                = {IOP Publishing},
  Timestamp                = {2014.07.17}
}

